<?xml version="1.0" encoding="UTF-8"?>
<record xmlns="http://www.loc.gov/MARC21/slim" xmlns:xsi="http://www.w3.org/2001/XMLSchema-instance" xsi:schemaLocation="http://www.loc.gov/MARC21/slim http://www.loc.gov/standards/marcxml/schema/MARC21slim.xsd">
<leader>     nam a2200241   4500</leader>
<controlfield tag="001">002933714</controlfield>
<controlfield tag="003">NNU</controlfield>
<controlfield tag="005">19940713181853.0</controlfield>
<controlfield tag="008">881021s1962    iq h          000 0 ararc</controlfield>
<datafield tag="010" ind1=" " ind2=" ">
<subfield code="a">ne 66001372</subfield>
</datafield>
<datafield tag="035" ind1="9" ind2=" ">
<subfield code="a">NYUb10657604</subfield>
</datafield>
<datafield tag="035" ind1=" " ind2=" ">
<subfield code="a">(CStRLIN)NYUG88-B35002</subfield>
</datafield>
<datafield tag="035" ind1=" " ind2=" ">
<subfield code="a">GLIS006576049</subfield>
</datafield>
<datafield tag="040" ind1=" " ind2=" ">
<subfield code="a">Princeton Univ. Libr.</subfield>
<subfield code="c">NNU</subfield>
</datafield>
<datafield tag="090" ind1=" " ind2=" ">
<subfield code="i">10/21/88 CT</subfield>
</datafield>
<datafield tag="100" ind1="1" ind2=" ">
<subfield code="a">Kāzarūnī, ʻAlī ibn Muḥammad,</subfield>
<subfield code="d">1214 or 15-1297 or 8.</subfield>
</datafield>
<datafield tag="245" ind1="1" ind2="0">
<subfield code="a">Maqāmah fī qawāʻid Baghdād fī al-dawlah al-ʻAbbāsīyah,</subfield>
<subfield code="c">anshaʻahā Ẓahīr al-Dīn al-Kāzarūnī . ʻAná bi-taḥqīqihā wa-nashrihā Kūrkīsī ʻAwwād wa-Mīkhāʼīl ʻAwwaād.</subfield>
</datafield>
<datafield tag="260" ind1=" " ind2=" ">
<subfield code="a">Baghdād,</subfield>
<subfield code="b">Maṭbaʻat al-Arshād,</subfield>
<subfield code="c">1962.</subfield>
</datafield>
<datafield tag="300" ind1=" " ind2=" ">
<subfield code="a">30 p.</subfield>
<subfield code="b">facsims.</subfield>
<subfield code="c">24 cm.</subfield>
</datafield>
<datafield tag="500" ind1=" " ind2=" ">
<subfield code="a">Cover title: Maqama fi qawaʻid Baghdad fi ad-dawlat-il-ʻAbbasyyah, by Zahir ad-Din al-Kazaruni.</subfield>
</datafield>
<datafield tag="OWN" ind1=" " ind2=" ">
<subfield code="a">GENERAL</subfield>
</datafield>
<datafield tag="903" ind1=" " ind2=" ">
<subfield code="a">OLD</subfield>
</datafield>
<datafield tag="950" ind1=" " ind2=" ">
<subfield code="l">BMAIN</subfield>
<subfield code="a">DS38.2</subfield>
<subfield code="b">.K32 1962</subfield>
<subfield code="i">10/21/88 C</subfield>
</datafield>
<datafield tag="955" ind1=" " ind2=" ">
<subfield code="l">BMAIN</subfield>
<subfield code="c">1</subfield>
<subfield code="r">012583798</subfield>
<subfield code="i">10/21/88 C</subfield>
</datafield>
<datafield tag="998" ind1=" " ind2=" ">
<subfield code="a">10/21/88</subfield>
<subfield code="t">c</subfield>
<subfield code="s">9114</subfield>
<subfield code="n">NNU</subfield>
<subfield code="d">10/21/88</subfield>
<subfield code="b">EK</subfield>
<subfield code="i">881021</subfield>
<subfield code="l">NYUG</subfield>
</datafield>
<datafield tag="AVA" ind1=" " ind2=" ">
<subfield code="a">NYU50</subfield>
<subfield code="b">BOBST</subfield>
<subfield code="c">Main Collection</subfield>
<subfield code="d">DS38.2 .K32 1962</subfield>
<subfield code="e">unavailable</subfield>
<subfield code="t">Unavailable</subfield>
<subfield code="f">1</subfield>
<subfield code="g">1</subfield>
<subfield code="h">N</subfield>
<subfield code="i">0</subfield>
<subfield code="j">MAIN</subfield>
<subfield code="k">0</subfield>
</datafield>
</record>
